<record><leader>00000cas a22000007a 4500</leader><controlfield tag="001">13207015</controlfield><controlfield tag="008">860227d19041952iduwr ne      0   a0eng d</controlfield><datafield ind1=" " ind2=" " tag="010"><subfield code="a">sn 86091135 </subfield></datafield><datafield ind1=" " ind2=" " tag="040"><subfield code="a">UNP</subfield><subfield code="b">eng</subfield><subfield code="c">UNP</subfield><subfield code="d">DLC</subfield><subfield code="d">NVB</subfield><subfield code="d">OCLCQ</subfield><subfield code="d">OCLCF</subfield><subfield code="d">OCLCO</subfield><subfield code="d">DLC</subfield></datafield><datafield ind1="0" ind2=" " tag="022"><subfield code="a">2381-3008</subfield><subfield code="2">1</subfield></datafield><datafield ind1=" " ind2=" " tag="042"><subfield code="a">msc</subfield><subfield code="a">nsdp</subfield></datafield><datafield ind1=" " ind2=" " tag="043"><subfield code="a">n-us-id</subfield></datafield><datafield ind1="0" ind2="0" tag="050"><subfield code="a">Newspaper</subfield></datafield><datafield ind1=" " ind2="4" tag="050"><subfield code="a">AN2.I2</subfield><subfield code="b">T46</subfield></datafield><datafield ind1="0" ind2="0" tag="082"><subfield code="a">071</subfield><subfield code="2">23</subfield></datafield><datafield ind1=" " ind2="4" tag="222"><subfield code="a">The Teton peak-chronicle</subfield><subfield code="b">(Print)</subfield></datafield><datafield ind1="0" ind2="4" tag="245"><subfield code="a">The Teton peak-chronicle.</subfield></datafield><datafield ind1="3" ind2="0" tag="246"><subfield code="a">Teton peak chronicle</subfield></datafield><datafield ind1=" " ind2=" " tag="260"><subfield code="a">St. Anthony, Idaho :</subfield><subfield code="b">Peak-Chronicle Pub. Co.</subfield></datafield><datafield ind1=" " ind2=" " tag="300"><subfield code="a">v.</subfield></datafield><datafield ind1=" " ind2=" " tag="310"><subfield code="a">Weekly</subfield></datafield><datafield ind1="0" ind2=" " tag="362"><subfield code="a">Vol. 6, no. 31 (Nov. 17, 1904)-</subfield></datafield><datafield ind1="1" ind2=" " tag="362"><subfield code="a">Ceased July 31, 1952.</subfield></datafield><datafield ind1=" " ind2=" " tag="530"><subfield code="a">Archived issues are available in digital format from the Library of Congress Chronicling America online collection.</subfield></datafield><datafield ind1=" " ind2="0" tag="651"><subfield code="a">Saint Anthony (Idaho)</subfield><subfield code="v">Newspapers.</subfield></datafield><datafield ind1=" " ind2="7" tag="651"><subfield code="a">Idaho</subfield><subfield code="z">Saint Anthony.</subfield><subfield code="2">fast</subfield><subfield code="0">(OCoLC)fst01226218</subfield></datafield><datafield ind1=" " ind2="7" tag="655"><subfield code="a">Newspapers.</subfield><subfield code="2">fast</subfield><subfield code="0">(OCoLC)fst01423814</subfield></datafield><datafield ind1=" " ind2=" " tag="752"><subfield code="a">United States</subfield><subfield code="b">Idaho</subfield><subfield code="c">Fremont</subfield><subfield code="d">Saint Anthony.</subfield></datafield><datafield ind1="0" ind2="8" tag="776"><subfield code="i">Online version:</subfield><subfield code="t">Teton peak-chronicle</subfield><subfield code="x">2381-3016</subfield><subfield code="w">(DLC)  2015218889</subfield><subfield code="w">(OCoLC)922969802</subfield></datafield><datafield ind1="0" ind2="4" tag="780"><subfield code="t">Teton Peak</subfield><subfield code="w">(DLC)sn 86091134</subfield><subfield code="w">(OCoLC)13206937</subfield></datafield><datafield ind1="0" ind2="4" tag="780"><subfield code="t">Chronicle (Saint Anthony, Idaho)</subfield></datafield><datafield ind1="0" ind2="7" tag="785"><subfield code="t">Fremont County news</subfield><subfield code="w">(DLC)sn 86091133</subfield><subfield code="w">(OCoLC)13206881</subfield></datafield><datafield ind1="0" ind2="7" tag="785"><subfield code="t">Fremont County chronicle-news</subfield><subfield code="w">(DLC)sn 86091206</subfield><subfield code="w">(OCoLC)13302164</subfield></datafield><datafield ind1="4" ind2="1" tag="856"><subfield code="u">http://www.loc.gov/chroniclingamerica/lccn/sn86091135/issues</subfield></datafield><datafield ind1="1" ind2=" " tag="029"><subfield code="a">AU@</subfield><subfield code="b">000025796076</subfield></datafield></record>